<?xml version="1.0" encoding="UTF-8"?><collection xmlns="http://www.loc.gov/MARC21/slim"><record><leader>00602nam--2200169-i-4500</leader><controlfield tag="001">000026084</controlfield><controlfield tag="002">20161230</controlfield><controlfield tag="005">20161230201036</controlfield><controlfield tag="008">060222s1000------------r-----000-0-eng-d</controlfield><datafield ind1=" " ind2=" " tag="040"><subfield code="a">IFIN-HH</subfield></datafield><datafield ind1=" " ind2=" " tag="080"><subfield code="a">539.141:539.17.02(061.3)</subfield></datafield><datafield ind1="1" ind2=" " tag="100"><subfield code="a">Bhat, M. R</subfield></datafield><datafield ind1="1" ind2="0" tag="245"><subfield code="a">Iaea advisory group meeting on basic and applied problems of nuclear level densities</subfield><subfield code="b">Held at brookhaven national laboratory upton, long island, new york april 11-15, 1983</subfield><subfield code="c">M.r. bhat (ed.)</subfield></datafield><datafield ind1=" " ind2=" " tag="260"><subfield code="a">New York</subfield><subfield code="b">Brookhaven National Laboratory</subfield><subfield code="c">1983</subfield></datafield><datafield ind1=" " ind2=" " tag="300"><subfield code="a">XII+413P</subfield></datafield><datafield ind1=" " ind2=" " tag="852"><subfield code="a">73298</subfield><subfield code="c">539.17</subfield></datafield><datafield ind1=" " ind2=" " tag="CAT"><subfield code="a">Sys</subfield><subfield code="c">20120625</subfield><subfield code="h">121011</subfield></datafield></record></collection>